<collection xmlns="http://www.loc.gov/MARC21/slim">
<record>
  <leader>02298nam0a22004331i 450 </leader>
  <controlfield tag="001">IT\ICCU\CNCE\046829</controlfield>
  <controlfield tag="005">20110502000000.0</controlfield>
  <datafield tag="012" ind1=" " ind2=" ">
    <subfield code="a">umc* n.se epme tiip (C) 1510 (R)</subfield>
    <subfield code="2">fei</subfield>
  </datafield>
  <datafield tag="100" ind1=" " ind2=" ">
    <subfield code="a">19990205d1510        0itac0103    ba</subfield>
  </datafield>
  <datafield tag="101" ind1=" " ind2=" ">
    <subfield code="a">LAT</subfield>
  </datafield>
  <datafield tag="102" ind1=" " ind2=" ">
    <subfield code="a">IT</subfield>
  </datafield>
  <datafield tag="200" ind1="1" ind2=" ">
    <subfield code="a">Deuotissimum opus passionis Christi meditationum incipit: a seraphico doctore Bonauentura editum: omnibus predicatoribus deuotisque religiosis necessarium</subfield>
  </datafield>
  <datafield tag="205" ind1=" " ind2=" ">
    <subfield code="a">Nuperrime impressum</subfield>
  </datafield>
  <datafield tag="210" ind1=" " ind2=" ">
    <subfield code="e">Pisauri</subfield>
    <subfield code="g">per Petrum Capha</subfield>
    <subfield code="g">in domo Hieronymi Soncini</subfield>
    <subfield code="h">1510</subfield>
  </datafield>
  <datafield tag="215" ind1=" " ind2=" ">
    <subfield code="a">\96! c.</subfield>
    <subfield code="c">ill.</subfield>
    <subfield code="d">8ʻ</subfield>
  </datafield>
  <datafield tag="300" ind1=" " ind2=" ">
    <subfield code="a">Opera falsamente attribuita a Bonaventura da Bagnorea</subfield>
  </datafield>
  <datafield tag="500" ind1="1" ind2="1">
    <subfield code="3">IT\ICCU\CNCE\023258</subfield>
    <subfield code="a">Meditationes vitae Christi</subfield>
  </datafield>
  <datafield tag="620" ind1=" " ind2=" ">
    <subfield code="a">IT</subfield>
    <subfield code="d">Pesaro</subfield>
  </datafield>
  <datafield tag="702" ind1=" " ind2="0">
    <subfield code="a">Bonaventura</subfield>
    <subfield code="c"> : da#Bagnorea</subfield>
    <subfield code="c"> &lt;santo&gt;</subfield>
    <subfield code="3">IT\ICCU\CNCA\001077</subfield>
  </datafield>
  <datafield tag="712" ind1="0" ind2="0">
    <subfield code="a">Soncino, Girolamo</subfield>
    <subfield code="3">IT\ICCU\CNCT\000277</subfield>
    <subfield code="4">650</subfield>
  </datafield>
  <datafield tag="712" ind1="0" ind2="0">
    <subfield code="a">Cafa, Pietro</subfield>
    <subfield code="3">IT\ICCU\CNCT\000647</subfield>
    <subfield code="4">650</subfield>
  </datafield>
  <datafield tag="790" ind1=" " ind2="0">
    <subfield code="a">Bonaventura</subfield>
    <subfield code="c"> : da#Bagnoregio</subfield>
    <subfield code="c"> &lt;santo&gt;</subfield>
    <subfield code="3">IT\ICCU\CNCA\012695</subfield>
    <subfield code="z">Bonaventura : da#Bagnorea &lt;santo&gt;</subfield>
  </datafield>
  <datafield tag="790" ind1=" " ind2="0">
    <subfield code="a">Eutichio</subfield>
    <subfield code="3">IT\ICCU\CNCA\018565</subfield>
    <subfield code="z">Bonaventura : da#Bagnorea &lt;santo&gt;</subfield>
  </datafield>
  <datafield tag="790" ind1=" " ind2="0">
    <subfield code="a">Giovanni Pietro</subfield>
    <subfield code="c"> : di#Fidenza</subfield>
    <subfield code="3">IT\ICCU\CNCA\018566</subfield>
    <subfield code="z">Bonaventura : da#Bagnorea &lt;santo&gt;</subfield>
  </datafield>
  <datafield tag="791" ind1="0" ind2="0">
    <subfield code="a">Soncino, Gershom ben Mosheh</subfield>
    <subfield code="3">IT\ICCU\CNCT\002888</subfield>
    <subfield code="z">Soncino, Girolamo</subfield>
  </datafield>
  <datafield tag="791" ind1="0" ind2="0">
    <subfield code="a">Soncinus, Hieronymus</subfield>
    <subfield code="3">IT\ICCU\CNCT\005713</subfield>
    <subfield code="z">Soncino, Girolamo</subfield>
  </datafield>
  <datafield tag="791" ind1="0" ind2="0">
    <subfield code="a">Soncinas, Hieronymus</subfield>
    <subfield code="3">IT\ICCU\CNCT\005714</subfield>
    <subfield code="z">Soncino, Girolamo</subfield>
  </datafield>
  <datafield tag="791" ind1="0" ind2="0">
    <subfield code="a">Suncinus, Hieronymus</subfield>
    <subfield code="3">IT\ICCU\CNCT\005715</subfield>
    <subfield code="z">Soncino, Girolamo</subfield>
  </datafield>
  <datafield tag="791" ind1="0" ind2="0">
    <subfield code="a">Sonzino, Hieronymo</subfield>
    <subfield code="3">IT\ICCU\CNCT\005716</subfield>
    <subfield code="z">Soncino, Girolamo</subfield>
  </datafield>
  <datafield tag="791" ind1="0" ind2="0">
    <subfield code="a">Capha, Pietro</subfield>
    <subfield code="3">IT\ICCU\CNCT\003066</subfield>
    <subfield code="z">Cafa, Pietro</subfield>
  </datafield>
  <datafield tag="791" ind1="0" ind2="0">
    <subfield code="a">Calcedonius, Alexander</subfield>
    <subfield code="3">IT\ICCU\CNCT\004392</subfield>
    <subfield code="z">Cafa, Pietro</subfield>
  </datafield>
  <datafield tag="801" ind1=" " ind2="3">
    <subfield code="a">IT</subfield>
    <subfield code="b">ICCU</subfield>
    <subfield code="c">20201115</subfield>
  </datafield>
  <datafield tag="899" ind1=" " ind2=" ">
    <subfield code="a">Biblioteca provinciale dei Frati minori dell&apos;Emilia. Sezione Biblioteca dell&apos;Osservanza. Bologna</subfield>
    <subfield code="1">BO0336</subfield>
    <subfield code="2">ZBO 41</subfield>
  </datafield>
  <datafield tag="899" ind1=" " ind2=" ">
    <subfield code="a">Biblioteca Apostolica Vaticana. Citt ̉del Vaticano</subfield>
    <subfield code="1">EX0001</subfield>
    <subfield code="2">ZCV 01</subfield>
  </datafield>
  <datafield tag="899" ind1=" " ind2=" ">
    <subfield code="a">Biblioteca Marucelliana. Firenze</subfield>
    <subfield code="z">MUTILO</subfield>
    <subfield code="1">FI0101</subfield>
    <subfield code="2">CFI MF</subfield>
  </datafield>
  <datafield tag="899" ind1=" " ind2=" ">
    <subfield code="a">Biblioteca comunale. Assisi</subfield>
    <subfield code="1">PG0001</subfield>
    <subfield code="2">UM1 10</subfield>
  </datafield>
  <datafield tag="899" ind1=" " ind2=" ">
    <subfield code="a">Biblioteca comunale Augusta. Perugia</subfield>
    <subfield code="z">MUTILO</subfield>
    <subfield code="1">PG0109</subfield>
    <subfield code="2">UM1 01</subfield>
  </datafield>
  <datafield tag="899" ind1=" " ind2=" ">
    <subfield code="a">Biblioteca nazionale centrale. Roma</subfield>
    <subfield code="1">RM0267</subfield>
    <subfield code="2">BVE CR</subfield>
  </datafield>
  <datafield tag="899" ind1=" " ind2=" ">
    <subfield code="a">British Library. London</subfield>
    <subfield code="1">UK0001</subfield>
  </datafield>
</record>
</collection>
